<ting:localData xmlns:ac="http://biblstandard.dk/ac/namespace/" xmlns:dc="http://purl.org/dc/elements/1.1/" xmlns:dcterms="http://purl.org/dc/terms/" xmlns:dkabm="http://biblstandard.dk/abm/namespace/dkabm/" xmlns:dkdcplus="http://biblstandard.dk/abm/namespace/dkdcplus/" xmlns:docbook="http://docbook.org/ns/docbook" xmlns:oss="http://oss.dbc.dk/ns/osstypes" xmlns:ting="http://www.dbc.dk/ting" xmlns:xsi="http://www.w3.org/2001/XMLSchema-instance"><dkabm:record><ac:identifier>22476319|763000</ac:identifier><ac:source>Bibliotekskatalog</ac:source><dc:title>Rapport</dc:title><dc:title xsi:type="dkdcplus:full">Rapport. Nr. 9, Naturvejlederordningens efteruddannelse : debatoplæg om videreudvikling af efteruddannelsen</dc:title><dc:subject xsi:type="dkdcplus:DK5">50.1</dc:subject><dc:subject xsi:type="dkdcplus:DK5-Text">Miljø</dc:subject><dc:description>På omslaget: Naturvejleder</dc:description><dc:description>2 med udgiverbetegnelsen: Development Workshop on Nature Interpretation</dc:description><dc:description>Serietitel hentet fra publikationsliste på bagsiden</dc:description><dcterms:audience>voksenmaterialer</dcterms:audience><dkdcplus:version>1. oplag</dkdcplus:version><dc:publisher>Udviklingsværkstedet for Naturformidling</dc:publisher><dc:contributor>Søren Kruse (f. 1964-02-13)</dc:contributor><dc:contributor>Udviklingsværkstedet for Naturformidling</dc:contributor><dc:date>1997</dc:date><dc:date>1998</dc:date><dc:type xsi:type="dkdcplus:BibDK-Type">Serie</dc:type><dc:format>Ill.</dc:format><dcterms:extent>43 sider</dcterms:extent><dc:identifier xsi:type="dkdcplus:ISBN">87-7279-096-2</dc:identifier><dc:identifier xsi:type="dkdcplus:ISSN">1397-7148</dc:identifier><dc:language xsi:type="dcterms:ISO639-2">dan</dc:language><dc:language>Dansk</dc:language></dkabm:record><marcx:collection xmlns:marcx="info:lc/xmlns/marcxchange-v1"><marcx:record format="danMARC2" type="Bibliographic"><marcx:leader>00000n    2200000   4500</marcx:leader><marcx:datafield ind1="0" ind2="0" tag="001"><marcx:subfield code="a">22476319</marcx:subfield><marcx:subfield code="b">763000</marcx:subfield><marcx:subfield code="c">20181124121058</marcx:subfield><marcx:subfield code="d">19990609</marcx:subfield><marcx:subfield code="f">a</marcx:subfield></marcx:datafield><marcx:datafield ind1="0" ind2="0" tag="004"><marcx:subfield code="r">n</marcx:subfield><marcx:subfield code="a">e</marcx:subfield></marcx:datafield><marcx:datafield ind1="0" ind2="0" tag="008"><marcx:subfield code="t">p</marcx:subfield><marcx:subfield code="d">å</marcx:subfield><marcx:subfield code="l">dan</marcx:subfield><marcx:subfield code="b">dk</marcx:subfield><marcx:subfield code="h">m</marcx:subfield><marcx:subfield code="v">0</marcx:subfield></marcx:datafield><marcx:datafield ind1="0" ind2="0" tag="009"><marcx:subfield code="a">a</marcx:subfield><marcx:subfield code="g">xx</marcx:subfield></marcx:datafield><marcx:datafield ind1="0" ind2="0" tag="011"><marcx:subfield code="a">21865591</marcx:subfield></marcx:datafield><marcx:datafield ind1="0" ind2="0" tag="018"><marcx:subfield code="a">21865591</marcx:subfield></marcx:datafield><marcx:datafield ind1="0" ind2="0" tag="021"><marcx:subfield code="a">87-7279-096-2</marcx:subfield><marcx:subfield code="d">gratis</marcx:subfield></marcx:datafield><marcx:datafield ind1="0" ind2="0" tag="022"><marcx:subfield code="a">1397-7148</marcx:subfield><marcx:subfield code="c">hf.</marcx:subfield></marcx:datafield><marcx:datafield ind1="0" ind2="0" tag="032"><marcx:subfield code="a">DBF199926</marcx:subfield></marcx:datafield><marcx:datafield ind1="0" ind2="0" tag="245"><marcx:subfield code="a">Rapport</marcx:subfield><marcx:subfield code="g">Nr. 9</marcx:subfield><marcx:subfield code="c">Naturvejlederordningens efteruddannelse</marcx:subfield><marcx:subfield code="c">debatoplæg om videreudvikling af efteruddannelsen</marcx:subfield><marcx:subfield code="e">af Søren Kruse</marcx:subfield></marcx:datafield><marcx:datafield ind1="0" ind2="0" tag="250"><marcx:subfield code="x">1. oplag</marcx:subfield></marcx:datafield><marcx:datafield ind1="0" ind2="0" tag="260"><marcx:subfield code="c">1997</marcx:subfield><marcx:subfield code="k">Skov og Naturstyrelsen,Rex</marcx:subfield></marcx:datafield><marcx:datafield ind1="0" ind2="0" tag="260"><marcx:subfield code="a">Kbh.</marcx:subfield><marcx:subfield code="b">Udviklingsværkstedet for Naturformidling</marcx:subfield><marcx:subfield code="c">1996-1998</marcx:subfield></marcx:datafield><marcx:datafield ind1="0" ind2="0" tag="300"><marcx:subfield code="a">43 sider</marcx:subfield></marcx:datafield><marcx:datafield ind1="0" ind2="0" tag="300"><marcx:subfield code="b">Ill.</marcx:subfield><marcx:subfield code="c">30 cm</marcx:subfield></marcx:datafield><marcx:datafield ind1="0" ind2="0" tag="500"><marcx:subfield code="a">Uregelmæssig</marcx:subfield></marcx:datafield><marcx:datafield ind1="0" ind2="0" tag="512"><marcx:subfield code="a">På omslaget: Naturvejleder</marcx:subfield></marcx:datafield><marcx:datafield ind1="0" ind2="0" tag="512"><marcx:subfield code="a">2 med udgiverbetegnelsen: Development Workshop on Nature Interpretation</marcx:subfield></marcx:datafield><marcx:datafield ind1="0" ind2="0" tag="512"><marcx:subfield code="a">Serietitel hentet fra publikationsliste på bagsiden</marcx:subfield></marcx:datafield><marcx:datafield ind1="0" ind2="0" tag="652"><marcx:subfield code="m">50.1</marcx:subfield></marcx:datafield><marcx:datafield ind1="0" ind2="0" tag="700"><marcx:subfield code="a">Kruse</marcx:subfield><marcx:subfield code="h">Søren</marcx:subfield><marcx:subfield code="c">f. 1964-02-13</marcx:subfield></marcx:datafield><marcx:datafield ind1="0" ind2="0" tag="710"><marcx:subfield code="a">Udviklingsværkstedet for Naturformidling</marcx:subfield></marcx:datafield><marcx:datafield ind1="0" ind2="0" tag="910"><marcx:subfield code="a">Development Workshop on Nature Interpretation</marcx:subfield><marcx:subfield code="z">710</marcx:subfield></marcx:datafield><marcx:datafield ind1="0" ind2="0" tag="996"><marcx:subfield code="a">DBC</marcx:subfield></marcx:datafield></marcx:record>