<marcx:record format="danMARC2" type="BibliographicMain"><marcx:leader>00000c    2200000   4500</marcx:leader><marcx:datafield ind1="0" ind2="0" tag="001"><marcx:subfield code="a">21865591</marcx:subfield><marcx:subfield code="b">763000</marcx:subfield><marcx:subfield code="c">20040610101619</marcx:subfield><marcx:subfield code="d">19971007</marcx:subfield><marcx:subfield code="f">a</marcx:subfield></marcx:datafield><marcx:datafield ind1="0" ind2="0" tag="004"><marcx:subfield code="r">c</marcx:subfield><marcx:subfield code="a">h</marcx:subfield></marcx:datafield><marcx:datafield ind1="0" ind2="0" tag="008"><marcx:subfield code="u">d</marcx:subfield><marcx:subfield code="a">1996</marcx:subfield><marcx:subfield code="z">1998</marcx:subfield><marcx:subfield code="b">dk</marcx:subfield><marcx:subfield code="c">k</marcx:subfield><marcx:subfield code="h">m</marcx:subfield><marcx:subfield code="i">b</marcx:subfield><marcx:subfield code="l">mul</marcx:subfield><marcx:subfield code="v">0</marcx:subfield></marcx:datafield><marcx:datafield ind1="0" ind2="0" tag="009"><marcx:subfield code="a">a</marcx:subfield><marcx:subfield code="g">xx</marcx:subfield></marcx:datafield><marcx:datafield ind1="0" ind2="0" tag="018"><marcx:subfield code="a">49223374</marcx:subfield></marcx:datafield><marcx:datafield ind1="0" ind2="0" tag="022"><marcx:subfield code="a">1397-7148</marcx:subfield><marcx:subfield code="c">hf.</marcx:subfield></marcx:datafield><marcx:datafield ind1="0" ind2="0" tag="082"><marcx:subfield code="a">333.7</marcx:subfield></marcx:datafield><marcx:datafield ind1="0" ind2="0" tag="222"><marcx:subfield code="a">Rapport</marcx:subfield><marcx:subfield code="b">Udviklingsværkstedet for Naturformidling</marcx:subfield></marcx:datafield><marcx:datafield ind1="0" ind2="0" tag="245"><marcx:subfield code="a">Rapport</marcx:subfield><marcx:subfield code="æ">Udviklingsværkstedet for Naturformidling</marcx:subfield></marcx:datafield><marcx:datafield ind1="0" ind2="0" tag="255"><marcx:subfield code="a">1-nr. 22</marcx:subfield></marcx:datafield><marcx:datafield ind1="0" ind2="0" tag="260"><marcx:subfield code="a">Kbh.</marcx:subfield><marcx:subfield code="b">Udviklingsværkstedet for Naturformidling</marcx:subfield><marcx:subfield code="c">1996-1998</marcx:subfield></marcx:datafield><marcx:datafield ind1="0" ind2="0" tag="300"><marcx:subfield code="b">Ill.</marcx:subfield><marcx:subfield code="c">30 cm</marcx:subfield></marcx:datafield><marcx:datafield ind1="0" ind2="0" tag="500"><marcx:subfield code="a">Uregelmæssig</marcx:subfield></marcx:datafield><marcx:datafield ind1="0" ind2="0" tag="512"><marcx:subfield code="a">2 med udgiverbetegnelsen: Development Workshop on Nature Interpretation</marcx:subfield></marcx:datafield><marcx:datafield ind1="0" ind2="0" tag="512"><marcx:subfield code="a">Serietitel hentet fra publikationsliste på bagsiden</marcx:subfield></marcx:datafield><marcx:datafield ind1="0" ind2="0" tag="652"><marcx:subfield code="m">50.1</marcx:subfield></marcx:datafield><marcx:datafield ind1="0" ind2="0" tag="710"><marcx:subfield code="a">Udviklingsværkstedet for Naturformidling</marcx:subfield></marcx:datafield><marcx:datafield ind1="0" ind2="0" tag="910"><marcx:subfield code="a">Development Workshop on Nature Interpretation</marcx:subfield><marcx:subfield code="z">710</marcx:subfield></marcx:datafield><marcx:datafield ind1="0" ind2="0" tag="996"><marcx:subfield code="a">DBC</marcx:subfield></marcx:datafield></marcx:record>