<marcx:record format="danMARC2" type="BibliographicVolume"><marcx:leader>00000n    2200000   4500</marcx:leader><marcx:datafield ind1="0" ind2="0" tag="001"><marcx:subfield code="a">22476319</marcx:subfield><marcx:subfield code="b">870970</marcx:subfield><marcx:subfield code="c">20181124121058</marcx:subfield><marcx:subfield code="d">19990609</marcx:subfield><marcx:subfield code="f">a</marcx:subfield></marcx:datafield><marcx:datafield ind1="0" ind2="0" tag="004"><marcx:subfield code="r">n</marcx:subfield><marcx:subfield code="a">b</marcx:subfield></marcx:datafield><marcx:datafield ind1="0" ind2="0" tag="008"><marcx:subfield code="t">p</marcx:subfield><marcx:subfield code="d">å</marcx:subfield><marcx:subfield code="l">dan</marcx:subfield><marcx:subfield code="v">0</marcx:subfield></marcx:datafield><marcx:datafield ind1="0" ind2="0" tag="014"><marcx:subfield code="a">21865591</marcx:subfield></marcx:datafield><marcx:datafield ind1="0" ind2="0" tag="021"><marcx:subfield code="a">87-7279-096-2</marcx:subfield><marcx:subfield code="d">gratis</marcx:subfield></marcx:datafield><marcx:datafield ind1="0" ind2="0" tag="032"><marcx:subfield code="a">DBF199926</marcx:subfield></marcx:datafield><marcx:datafield ind1="0" ind2="0" tag="245"><marcx:subfield code="G">09</marcx:subfield><marcx:subfield code="g">Nr. 9</marcx:subfield><marcx:subfield code="a">Naturvejlederordningens efteruddannelse</marcx:subfield><marcx:subfield code="c">debatoplæg om videreudvikling af efteruddannelsen</marcx:subfield><marcx:subfield code="e">af Søren Kruse</marcx:subfield></marcx:datafield><marcx:datafield ind1="0" ind2="0" tag="250"><marcx:subfield code="x">1. oplag</marcx:subfield></marcx:datafield><marcx:datafield ind1="0" ind2="0" tag="260"><marcx:subfield code="c">1997</marcx:subfield><marcx:subfield code="k">Skov og Naturstyrelsen,Rex</marcx:subfield></marcx:datafield><marcx:datafield ind1="0" ind2="0" tag="300"><marcx:subfield code="a">43 sider</marcx:subfield></marcx:datafield><marcx:datafield ind1="0" ind2="0" tag="512"><marcx:subfield code="a">På omslaget: Naturvejleder</marcx:subfield></marcx:datafield><marcx:datafield ind1="0" ind2="0" tag="700"><marcx:subfield code="a">Kruse</marcx:subfield><marcx:subfield code="h">Søren</marcx:subfield><marcx:subfield code="c">f. 1964-02-13</marcx:subfield></marcx:datafield><marcx:datafield ind1="0" ind2="0" tag="996"><marcx:subfield code="a">DBC</marcx:subfield></marcx:datafield></marcx:record></marcx:collection><adminData><recordStatus>active</recordStatus><creationDate>2018-11-24</creationDate><libraryType>public</libraryType><genre>nonfiktion</genre><indexingAlias>danmarcxchange</indexingAlias><accessType>physical</accessType><workType>none</workType><collectionIdentifier>763000-katalog</collectionIdentifier></adminData></ting:localData>